<?xml version="1.0" encoding="UTF-8"?><collection xmlns="http://www.loc.gov/MARC21/slim"><record><leader>00591nam--2200169-u-4500</leader><controlfield tag="001">000054501</controlfield><controlfield tag="002">20161230</controlfield><controlfield tag="005">20170123235023</controlfield><controlfield tag="008">120111s1000------------r-----000-0-eng-d</controlfield><datafield ind1=" " ind2=" " tag="040"><subfield code="a">IFIN-HH</subfield></datafield><datafield ind1=" " ind2=" " tag="080"><subfield code="a">539.128(061.3)</subfield></datafield><datafield ind1="1" ind2=" " tag="100"><subfield code="a">Ajduk, Z</subfield></datafield><datafield ind1="1" ind2="0" tag="245"><subfield code="a">Hadron structure and multiparticle production</subfield><subfield code="b">Proceedings of the I International Symposium on hadron structure and multiparticle production Kazimierz, Poland, 23-28 May 1977</subfield><subfield code="c">Z. Ajduk (ed.)</subfield></datafield><datafield ind1=" " ind2=" " tag="260"><subfield code="a">Warszawa</subfield><subfield code="b">Institute Of Theoretical Physics</subfield><subfield code="c">1977</subfield></datafield><datafield ind1=" " ind2=" " tag="300"><subfield code="a">558 p</subfield></datafield><datafield ind1=" " ind2=" " tag="852"><subfield code="a">73000</subfield><subfield code="c">539.12</subfield></datafield><datafield ind1=" " ind2=" " tag="CAT"><subfield code="a">SYS</subfield><subfield code="c">20170123</subfield><subfield code="h">235023</subfield></datafield></record></collection>